@article{AMIGOS:2018,
  author={J. A. {Miranda Correa} and M. K. {Abadi} and N. {Sebe} and I. {Patras}},
  journal={IEEE Transactions on Affective Computing},
  title={AMIGOS: A Dataset for Affect,
         Personality and Mood Research on Individuals and Groups},
  year={2018},
  pages={1-1},
}

@ARTICLE{SantamariaGranados:2019,
  author={L. {Santamaria-Granados} and
          M. {Munoz-Organero} and
          G. {Ramirez-González} and
          E. {Abdulhay} and
          N. {Arunkumar}},
  journal={IEEE Access},
  title={Using Deep Convolutional Neural Network for
         Emotion Detection on a Physiological Signals Dataset (AMIGOS)},
  year={2019},
  volume={7},
  pages={57-67},
}

@misc{laanait2019exascale,
    title={Exascale Deep Learning for Scientific Inverse Problems},
    author={Nouamane Laanait and Joshua Romero and Junqi Yin and M. Todd Young and Sean Treichler and Vitalii Starchenko and Albina Borisevich and Alex Sergeev and Michael Matheson},
    year={2019},
    eprint={1909.11150},
    archivePrefix={arXiv},
    primaryClass={cs.LG}
}

@ARTICLE{Greenspan:2016,
 author={H. {Greenspan} and B. {van Ginneken} and R. M. {Summers}},
 journal={IEEE Transactions on Medical Imaging},
 title={Guest Editorial Deep Learning in Medical Imaging: Overview and Future Promise of an Exciting New Technique},
 year={2016},
 volume={35},
 number={5},
 pages={1153-1159},
}

@misc{sarkar2020selfsupervised,
    title={Self-supervised ECG Representation Learning for Emotion Recognition},
    author={Pritam Sarkar and Ali Etemad},
    year={2020},
    eprint={2002.03898},
    archivePrefix={arXiv},
    primaryClass={eess.SP}
}

@article{Harper_2020,
   title={A Bayesian Deep Learning Framework for End-To-End Prediction of Emotion from Heartbeat},
   ISSN={2371-9850},
   url={http://dx.doi.org/10.1109/TAFFC.2020.2981610},
   DOI={10.1109/taffc.2020.2981610},
   journal={IEEE Transactions on Affective Computing},
   publisher={Institute of Electrical and Electronics Engineers (IEEE)},
   author={Harper, Ross and Southern, Joshua},
   year={2020},
   pages={1–1}
}

@ARTICLE{8653316,
 author={J. {Shukla} and
         M. {Barreda-Angeles} and
         J. {Oliver} and
         G. C. {Nand i} and
         D. {Puig}},
 journal={IEEE Transactions on Affective Computing},
 title={Feature Extraction and Selection for Emotion Recognition from Electrodermal Activity},
 year={2019},
 volume={},
 number={},
 pages={1-1},
}
@ARTICLE{8999626,
  author={H. {Chao} and Y. {Liu}},
  journal={IEEE Access},
  title={Emotion Recognition From Multi-Channel EEG Signals by Exploiting the Deep Belief-Conditional Random Field Framework},
   year={2020},
  volume={8},
  number={},
  pages={33002-33012},
}
